<?xml version="1.0" encoding="UTF-8"?><collection xmlns="http://www.loc.gov/MARC21/slim"><record><leader>00627nam--2200193-i-4500</leader><controlfield tag="001">000048525</controlfield><controlfield tag="002">20161230</controlfield><controlfield tag="005">20161230201047</controlfield><controlfield tag="008">060222s1000------------r-----000-0-rum-d</controlfield><datafield ind1=" " ind2=" " tag="040"><subfield code="a">IFIN-HH</subfield></datafield><datafield ind1=" " ind2=" " tag="041"><subfield code="a">rum</subfield></datafield><datafield ind1=" " ind2=" " tag="080"><subfield code="a">539.13</subfield></datafield><datafield ind1="1" ind2=" " tag="100"><subfield code="a">Badea, Aurelian F</subfield></datafield><datafield ind1="1" ind2="0" tag="245"><subfield code="a">Structura temporala a componentei miuonice dib cascadele atmosferice extinse produse de radiatiile cosmice</subfield><subfield code="b">Rezumatul tezei</subfield><subfield code="c">Aurelian f. badea</subfield></datafield><datafield ind1=" " ind2=" " tag="260"><subfield code="a">Bucuresti</subfield><subfield code="b">Universitatea</subfield><subfield code="c">2001</subfield></datafield><datafield ind1=" " ind2=" " tag="300"><subfield code="a">46P</subfield></datafield><datafield ind1=" " ind2=" " tag="502"><subfield code="a">Conducatori Stiintifici: Prof. Dr. M. Petrovici; Prof Dr. H. Rebel</subfield></datafield><datafield ind1=" " ind2=" " tag="852"><subfield code="a">81244</subfield><subfield code="c">539.13</subfield></datafield><datafield ind1=" " ind2=" " tag="CAT"><subfield code="a">Sys</subfield><subfield code="c">20120227</subfield><subfield code="h">171442</subfield></datafield></record></collection>